
@techreport{kjorseng_simulation_2024,
	title = {Simulation of a coupled system con- sisting of a non-buoyant remotely op- erated vehicle and a surface vessel},
	language = {en},
	author = {Kjørseng, Magnus},
	month = dec,
	year = {2024},
	pages = {37},
	file = {PDF:/media/Bigboi/Documents/FordypOgMaster/Literaturstudie/storage/WCZAS7ND/Kjørseng - 2024 - Simulation of a coupled system con- sisting of a non-buoyant remotely op- erated vehicle and a surfa.pdf:application/pdf},
}
